<record><leader>00000cas a2200000 a 4500</leader><controlfield tag="001">12483420</controlfield><controlfield tag="008">850903d19311940ksuwr ne      0    0eng d</controlfield><datafield ind1=" " ind2=" " tag="010"><subfield code="a">sn 85032657 </subfield></datafield><datafield ind1=" " ind2=" " tag="040"><subfield code="a">KSH</subfield><subfield code="b">eng</subfield><subfield code="c">KSH</subfield><subfield code="d">NPT</subfield><subfield code="d">OCL</subfield><subfield code="d">OCLCQ</subfield></datafield><datafield ind1=" " ind2=" " tag="042"><subfield code="a">msc</subfield></datafield><datafield ind1="0" ind2="4" tag="245"><subfield code="a">The Scott County record.</subfield></datafield><datafield ind1=" " ind2=" " tag="260"><subfield code="a">Scott City, Kan. :</subfield><subfield code="b">Clyde E. Knibbs,</subfield><subfield code="c">1931-</subfield></datafield><datafield ind1=" " ind2=" " tag="300"><subfield code="a">v. :</subfield><subfield code="b">ill. ;</subfield><subfield code="c">54 cm.</subfield></datafield><datafield ind1=" " ind2=" " tag="310"><subfield code="a">Weekly</subfield></datafield><datafield ind1="0" ind2=" " tag="362"><subfield code="a">Vol. 1, no. 1 (Dec. 31, 1931)-</subfield></datafield><datafield ind1="1" ind2=" " tag="362"><subfield code="a">Ceased with Mar. 14, 1940 issue.</subfield></datafield><datafield ind1=" " ind2=" " tag="500"><subfield code="a">Published by Record Pub. Co., Apr. 14, 1938-&lt;Mar. 7, 1940&gt;.</subfield></datafield><datafield ind1=" " ind2=" " tag="500"><subfield code="a">"Republican."</subfield></datafield><datafield ind1=" " ind2=" " tag="752"><subfield code="a">United States</subfield><subfield code="b">Kansas</subfield><subfield code="c">Scott</subfield><subfield code="d">Scott City.</subfield></datafield><datafield ind1="0" ind2="4" tag="785"><subfield code="t">News chronicle (Scott City, Kan. : 1909)</subfield><subfield code="w">(DLC)sn 85031835</subfield></datafield><datafield ind1="1" ind2=" " tag="029"><subfield code="a">AU@</subfield><subfield code="b">000022166674</subfield></datafield></record>